<?xml version="1.0" encoding="UTF-8"?><collection xmlns="http://www.loc.gov/MARC21/slim"><record><leader>00485nam--2200157-i-4500</leader><controlfield tag="001">000014729</controlfield><controlfield tag="002">20161230</controlfield><controlfield tag="005">20170122110119</controlfield><controlfield tag="008">060222s1000------------r-----000-0-eng-d</controlfield><datafield ind1=" " ind2=" " tag="080"><subfield code="a">539.37:538.951:548.4(061.3)</subfield></datafield><datafield ind1=" " ind2=" " tag="245"><subfield code="a">Dislocations and mechanical properties of crystals. An international conference held at Lake Placid, Sept.6-8, 1956</subfield></datafield><datafield ind1=" " ind2=" " tag="260"><subfield code="a">New York</subfield><subfield code="b">John Wiley</subfield><subfield code="c">1957</subfield></datafield><datafield ind1=" " ind2=" " tag="300"><subfield code="a">XIV+634 p</subfield></datafield><datafield ind1=" " ind2=" " tag="700"><subfield code="a">Johnston, W. G</subfield></datafield><datafield ind1=" " ind2=" " tag="852"><subfield code="a">13715</subfield></datafield><datafield ind1=" " ind2=" " tag="CAT"><subfield code="a">SYS</subfield><subfield code="c">20170122</subfield><subfield code="h">110119</subfield></datafield></record></collection>